<record><leader>00000cas a2200000 a 4500</leader><controlfield tag="001">20071667</controlfield><controlfield tag="007">hd afb---baca</controlfield><controlfield tag="008">890726u1956uuuuohudn nea     0    0rus c</controlfield><datafield ind1=" " ind2=" " tag="010"><subfield code="a">sn 91037171 </subfield></datafield><datafield ind1=" " ind2=" " tag="040"><subfield code="a">YHM</subfield><subfield code="b">eng</subfield><subfield code="c">YHM</subfield><subfield code="d">PIT</subfield><subfield code="d">OCL</subfield><subfield code="d">OCLCQ</subfield><subfield code="d">STF</subfield><subfield code="d">OCLCF</subfield><subfield code="d">OCLCO</subfield><subfield code="d">OCLCQ</subfield></datafield><datafield ind1=" " ind2=" " tag="012"><subfield code="i">9103</subfield></datafield><datafield ind1=" " ind2=" " tag="042"><subfield code="a">pcc</subfield></datafield><datafield ind1=" " ind2=" " tag="043"><subfield code="a">e-ur---</subfield></datafield><datafield ind1="0" ind2="0" tag="245"><subfield code="a">Sovetskai&#65056;a&#65057; Rossii&#65056;a&#65057; :</subfield><subfield code="b">Bi&#65056;u&#65057;ro T&#65056;S&#65057;K KPSS po RSFSR i Soveta Ministrov RSFSR.</subfield></datafield><datafield ind1=" " ind2=" " tag="260"><subfield code="a">Moskva :</subfield><subfield code="b">Bi&#65056;u&#65057;ro T&#65056;S&#65057;K KPSS po RSFSR i Soveta Ministrov RSFSR</subfield></datafield><datafield ind1=" " ind2=" " tag="300"><subfield code="a">volumes :</subfield><subfield code="b">illustrations ;</subfield><subfield code="c">53 cm</subfield></datafield><datafield ind1=" " ind2=" " tag="310"><subfield code="a">Daily (except Monday)</subfield></datafield><datafield ind1=" " ind2=" " tag="336"><subfield code="a">text</subfield><subfield code="b">txt</subfield><subfield code="2">rdacontent</subfield></datafield><datafield ind1=" " ind2=" " tag="337"><subfield code="a">microform</subfield><subfield code="b">h</subfield><subfield code="2">rdamedia</subfield></datafield><datafield ind1=" " ind2=" " tag="338"><subfield code="a">microfilm reel</subfield><subfield code="b">hd</subfield><subfield code="2">rdacarrier</subfield></datafield><datafield ind1="1" ind2=" " tag="362"><subfield code="a">Began in 1956.</subfield></datafield><datafield ind1=" " ind2=" " tag="515"><subfield code="a">Later issues also carry whole numbering.</subfield></datafield><datafield ind1=" " ind2=" " tag="550"><subfield code="a">Issues for &lt;1975-&gt; issued also by: Verkhovnyi&#774; Sovet.</subfield></datafield><datafield ind1=" " ind2=" " tag="588"><subfield code="a">Description based on: No. 54 (1 sent. 1956 g.); title from caption.</subfield></datafield><datafield ind1=" " ind2=" " tag="533"><subfield code="a">Microfilm.</subfield><subfield code="b">[Wooster, Ohio] :</subfield><subfield code="c">Bell &amp; Howell Micro Photo Division,</subfield><subfield code="e">microfilm reels ; 35 mm.</subfield></datafield><datafield ind1=" " ind2="0" tag="651"><subfield code="a">Moscow (Russia)</subfield><subfield code="v">Newspapers.</subfield></datafield><datafield ind1=" " ind2="7" tag="651"><subfield code="a">Russia (Federation)</subfield><subfield code="z">Moscow.</subfield><subfield code="2">fast</subfield><subfield code="0">(OCoLC)fst01205741</subfield></datafield><datafield ind1=" " ind2="7" tag="655"><subfield code="a">Newspapers.</subfield><subfield code="2">fast</subfield><subfield code="0">(OCoLC)fst01423814</subfield></datafield><datafield ind1="2" ind2=" " tag="710"><subfield code="a">T&#65056;S&#65057;K KPSS.</subfield></datafield><datafield ind1="2" ind2=" " tag="710"><subfield code="a">T&#65056;S&#65057;K KPSS.</subfield><subfield code="b">Bi&#65056;u&#65057;ro po RSFSR.</subfield></datafield><datafield ind1="1" ind2=" " tag="710"><subfield code="a">Soviet Union.</subfield><subfield code="b">Sovet Ministrov.</subfield></datafield><datafield ind1="1" ind2=" " tag="710"><subfield code="a">Soviet Union.</subfield><subfield code="b">Verkhovnyi&#774; Sovet.</subfield></datafield><datafield ind1=" " ind2=" " tag="752"><subfield code="a">Soviet Union</subfield><subfield code="b">Russian S.F.S.R.</subfield><subfield code="d">Moscow.</subfield></datafield><datafield ind1="1" ind2=" " tag="776"><subfield code="t">Sovetskai&#65056;a&#65057; Rossii&#65056;a&#65057;</subfield><subfield code="w">(DLC)sn 88021900</subfield><subfield code="w">(OCoLC)11858334</subfield></datafield><datafield ind1=" " ind2=" " tag="850"><subfield code="a">PPiU</subfield></datafield><datafield ind1="1" ind2=" " tag="029"><subfield code="a">AU@</subfield><subfield code="b">000025848232</subfield></datafield></record>